%%%%%%%%%%%%%%%%%%%%%%%%%%%%%%%%%%%%%%%%%%%%%%%%%%%%%%%%%%%%%%%%%%%%%%%%%%%%%%%
%% Descr:       Vorlage für Berichte der DHBW-Karlsruhe, BibTeX
%% Author:      Prof. Dr. Jürgen Vollmer, vollmer AT dhbw-karlsruhe.de
%% $Id: bericht.bib,v 1.10 2016/03/16 12:27:42 vollmer draft $
%% -*- coding: utf-8 -*-
%%%%%%%%%%%%%%%%%%%%%%%%%%%%%%%%%%%%%%%%%%%%%%%%%%%%%%%%%%%%%%%%%%%%%%%%%%%%%%%

%%%%
%%  declararion of abbreviations
%%%%
@STRING{addison		= "Addison-Wesley"}

%%%%%%%%%%%%%%%%%%%%%%%%%%%%%%%%%%%%%%%%%%%%%%%%%%%%%%%%%%%%%%%%%%%%%%%%%%%%%%%

@book{knuth.1984a,
  author    = {Knuth, Donald E.},
  title     = {The \TeX{}book},
  publisher = addison,
  year      = 1984
}

@book{lamport.1995a,
  author    = {Lamport, Leslie},
  title     = {Das \LaTeX\ Handbuch},
  publisher = addison,
  year      = 1995
}

@book{tanenbaum.2009,
  author    = {Tanenbaum, Andrew S.},
  publisher = {Pearson Studium},
  address   = {München [u.a]},
  title     = {Moderne Betriebssysteme},
  year      = {2009},
  edition   = {3., aktualisierte Aufl.}
}

%%%%%%%%%%%%%%%%%%%%%%%%%%%%%%%%%%%%%%%%%%%%%%%%%%%%%%%%%%%%%%%%%%%%%%%%%%%%%%%

% Referenzieren von URL's
@misc{dante.2010a,
  author       = {Dante},
  title        = {Webseite der \emph{Deutschsprachige Anwendervereinigung TeX e.V.}},
  howpublished = {\url{http://www.dante.de}},
  year         = 2010,
  month        = jan
}

@mastersthesis{woudenberg_chatbot_2014,
	title = {A {Chatbot} {Dialogue} {Manager}-{Chatbots} and {Dialogue} {Systems}: {A} {Hybrid} {Approach}},
	shorttitle = {A {Chatbot} {Dialogue} {Manager}-{Chatbots} and {Dialogue} {Systems}},
	school = {Open Universiteit Nederland},
	author = {Woudenberg, Aswin van},
	year = {2014},
}



%%%%%%%%%%%%%%%%%%%%%%%%%%%%%%%%%%%%%%%%%%%%%%%%%%%%%%%%%%%%%%%%%%%%%%%%%%%%%%%
