27 mtime=1458131264.172893
30 atime=1584108645.645653703
29 ctime=1548749389.47016379
